@MISC{Armstrong2013,
  author = {Joe Armstrong},
  title = {My favorite Erlang Program},
  month = {November},
  year = {2013},
  howpublished = {\url{https://joearms.github.io/2013/11/21/My-favorite-erlang-program.html}}
}
