@online{gnu-getopt,
  title        = {{The GNU C Library}: Using the getopt function},
  author       = {GNU},
  year         = {2017},
  howpublished = {\url{https://www.gnu.org/software/libc/manual/html_node/Using-Getopt.html}},
  note         = {Accessed: 2017-11-05},
}
